<record><leader>00000cas a22000007a 4500</leader><controlfield tag="001">12958558</controlfield><controlfield tag="008">851230d19521985scucr ne      0    0eng  </controlfield><controlfield tag="009">466</controlfield><datafield ind1=" " ind2=" " tag="010"><subfield code="a">sn 85042895 </subfield></datafield><datafield ind1=" " ind2=" " tag="040"><subfield code="a">DLC</subfield><subfield code="b">eng</subfield><subfield code="c">DLC</subfield><subfield code="d">SVN</subfield><subfield code="d">DLC</subfield><subfield code="d">OCLCQ</subfield></datafield><datafield ind1="1" ind2=" " tag="029"><subfield code="a">AU@</subfield><subfield code="b">000026225128</subfield></datafield><datafield ind1=" " ind2=" " tag="042"><subfield code="a">msc</subfield></datafield><datafield ind1="0" ind2="0" tag="050"><subfield code="a">Newspaper</subfield></datafield><datafield ind1="0" ind2=" " tag="130"><subfield code="a">Journal and tribune (Seneca, S.C.)</subfield></datafield><datafield ind1="1" ind2="4" tag="245"><subfield code="a">The Journal and tribune.</subfield></datafield><datafield ind1="1" ind2="7" tag="246"><subfield code="a">Seneca journal-Tugaloo tribune</subfield></datafield><datafield ind1=" " ind2=" " tag="260"><subfield code="a">Seneca, S.C. :</subfield><subfield code="b">Journal Co.</subfield></datafield><datafield ind1=" " ind2=" " tag="300"><subfield code="a">v. :</subfield><subfield code="b">ill. ;</subfield><subfield code="c">58 cm.</subfield></datafield><datafield ind1=" " ind2=" " tag="310"><subfield code="a">Semiweekly,</subfield><subfield code="b">Sept. 10, 1969 - Oct. 16, 1985</subfield></datafield><datafield ind1=" " ind2=" " tag="321"><subfield code="a">Weekly,</subfield><subfield code="b">Sept. 26, 1952 - Sept. 3, 1969</subfield></datafield><datafield ind1="0" ind2=" " tag="362"><subfield code="a">50th year, no. 24 (Sept. 26, 1952) - 82nd year, no. 62 (Oct. 16, 1985).</subfield></datafield><datafield ind1=" " ind2=" " tag="500"><subfield code="a">"Independent." Cf. Ayer, 1983.</subfield></datafield><datafield ind1=" " ind2="4" tag="651"><subfield code="a">Oconee County (S.C.)</subfield><subfield code="v">Newspapers.</subfield></datafield><datafield ind1=" " ind2=" " tag="752"><subfield code="a">United States</subfield><subfield code="b">South Carolina</subfield><subfield code="c">Oconee</subfield><subfield code="d">Seneca.</subfield></datafield><datafield ind1="0" ind2="4" tag="780"><subfield code="t">Seneca journal (Seneca, S.C. : 1930)</subfield><subfield code="w">(DLC)sn 93067651</subfield></datafield><datafield ind1="0" ind2="4" tag="780"><subfield code="t">Tugaloo tribune</subfield><subfield code="w">(DLC)sn 92065536</subfield></datafield><datafield ind1="0" ind2="0" tag="785"><subfield code="t">Journal/tribune (Seneca, S.C.)</subfield><subfield code="w">(DLC)sn 93067654</subfield></datafield></record>